<?xml version="1.0" encoding="UTF-8"?><collection xmlns="http://www.loc.gov/MARC21/slim"><record><leader>00402nam--2200133-i-4500</leader><controlfield tag="001">000046166</controlfield><controlfield tag="002">20161230</controlfield><controlfield tag="005">20161230201045</controlfield><controlfield tag="008">060222s1000------------r-----000-0-eng-d</controlfield><datafield ind1=" " ind2=" " tag="100"><subfield code="a">Vasseur,Jean Pierre</subfield></datafield><datafield ind1=" " ind2=" " tag="245"><subfield code="a">Proprietes et applicationd des transistors</subfield></datafield><datafield ind1=" " ind2=" " tag="260"><subfield code="a">Paris, Societe Francaise De Documentation Electronique, 1958. 479 P</subfield></datafield><datafield ind1=" " ind2=" " tag="490"><subfield code="a">Coll.De Annales De Radioelectricite</subfield></datafield><datafield ind1=" " ind2=" " tag="852"><subfield code="a">14798</subfield></datafield></record></collection>